\usepackage{url}

% By default the URLs are put in typewriter type in the body and the
% bibliography of the document when using the \url command.  If you are
% using many long URLs you may want to uncommennt the next line so they
% are typeset a little smaller.
\renewcommand{\UrlFont}{\small\tt}

% Ref 1
@incollection{lotte:hal-01167515,
  TITLE = {{Electroencephalography (EEG)-based Brain-Computer Interfaces}},
  AUTHOR = {Lotte, Fabien and Bougrain, Laurent and Clerc, Maureen},
  URL = {https://hal.inria.fr/hal-01167515},
  BOOKTITLE = {{Wiley Encyclopedia of Electrical and Electronics Engineering}},
  PUBLISHER = {{Wiley}},
  PAGES = {44},
  YEAR = {2015},
  DOI = {10.1002/047134608X.W8278},
  PDF = {https://hal.inria.fr/hal-01167515/file/EEGBasedBCIArt.pdf},
  HAL_ID = {hal-01167515},
  HAL_VERSION = {v1},
}

% Ref 2
@book{niedermeyer2005electroencephalography,
  title={Electroencephalography: basic principles, clinical applications, and related fields},
  author={Niedermeyer, Ernst and da Silva, FH Lopes},
  year={2005},
  publisher={Lippincott Williams \& Wilkins}
}

% Ref 3
@manual{EPOCUserManual:2018,
      title  = "Emotiv EPOC+ User Manual",
      author = "Emotiv",
      url    = "https://emotiv.gitbook.io/epoc-user-manual/",
      year   = "2018 (accessed June 5, 2018)"
    }

% Ref 4
@manual{EmotivPROUserManual:2018,
      title  = "Emotiv PRO User Manual",
      author = "Emotiv",
      url    = "    https://emotiv.gitbook.io/emotivpro",
      year   = "2018 (accessed June 5, 2018)"
    }    

% Ref 5


% Ref 6


% Ref 7


% Ref 8


% Ref 9


% Ref 10


% Ref 11

